@article{VHM,
	author    = {Nicholas Sharp and
	Yousuf Soliman and
	Keenan Crane},
	title     = {The Vector Heat Method},
	journal   = {{ACM} Trans. Graph.},
	volume    = {38},
	number    = {3},
	pages     = {24:1--24:19},
	year      = {2019},
	url       = {https://doi.org/10.1145/3243651},
	doi       = {10.1145/3243651},
	timestamp = {Fri, 05 Jul 2019 15:58:27 +0200},
	biburl    = {https://dblp.org/rec/journals/tog/SharpSC19.bib},
	bibsource = {dblp computer science bibliography, https://dblp.org}
}

@article{HM,
	author    = {Keenan Crane and
	Clarisse Weischedel and
	Max Wardetzky},
	title     = {The heat method for distance computation},
	journal   = {Commun. {ACM}},
	volume    = {60},
	number    = {11},
	pages     = {90--99},
	year      = {2017},
	url       = {https://doi.org/10.1145/3131280},
	doi       = {10.1145/3131280},
	timestamp = {Tue, 06 Nov 2018 12:51:36 +0100},
	biburl    = {https://dblp.org/rec/journals/cacm/CraneWW17.bib},
	bibsource = {dblp computer science bibliography, https://dblp.org}
}